@book{CleanCode,
        title = "Clean Code: A Handbook of Agile Software Craftsmanship 1st Edition",
        author = "Robert C. Martin",
        publisher = "Pearson",
        year = "2008",
}

@book{EffectiveModern,
        title = "Effective Modern C++",
        author = "Scott Meyers",
        publisher = "O'Reilly Media",
        year = "2014"
}

@book{RpiBeginner,
    title   = "Raspberry Pi Beginners Guide",
    year    = "2015",
    author = "{The QT Company}",
    note = " \url{https://wiki.qt.io/Raspberry_Pi_Beginners_Guide}"

}